@book{landau2014guide,
  title={A guide to Monte Carlo simulations in statistical physics},
  author={Landau, David P and Binder, Kurt},
  year={2014},
  publisher={Cambridge university press}
}
@article{wang2001determining,
  title={Determining the density of states for classical statistical models: A random walk algorithm to produce a flat histogram},
  author={Wang, Fugao and Landau, D P},
  journal={Physical Review E},
  volume={64},
  number={5},
  pages={056101},
  year={2001},
  publisher={APS}}
@article{wang2001efficient,
  title={Efficient, multiple-range random walk algorithm to calculate the density of states},
  author={Wang, Fugao and Landau, D P},
  journal={Physical review letters},
  volume={86},
  number={10},
  pages={2050},
  year={2001},
  publisher={APS}
}
@phdthesis{haber2014transition,
  title={Transition Matrix Monte Carlo Methods for Density of States Prediction},
  author={Haber, Ren{\'e}},
  year={2014}
}
@article{schulz2003avoiding,
  title={Avoiding boundary effects in Wang-Landau sampling},
  author={Schulz, B J and Binder, K and M{\"u}ller, M and Landau, D. P.},
  journal={Physical Review E},
  volume={67},
  number={6},
  pages={067102},
  year={2003},
  publisher={APS}
}
@article{ferrenberg1988new,
  title={New Monte Carlo technique for studying phase transitions},
  author={Ferrenberg, Alan M and Swendsen, Robert H},
  journal={Physical review letters},
  volume={61},
  number={23},
  pages={2635},
  year={1988},
  publisher={APS}
}
@article{penna1998broad,
  title={Broad histogram monte carlo},
  author={De Oliveira, PMC and Penna, TJP and Herrmann, HJ},
  journal={The European Physical Journal B-Condensed Matter and Complex Systems},
  volume={1},
  number={2},
  pages={205--208},
  year={1998},
  publisher={Springer}
}
@article{penna1996broad,
  title={Broad histogram method},
  author={Penna, TJP and Herrmann, HJ},
  journal={arXiv preprint cond-mat/9610041},
  year={1996}
}
@article{swendsen1999transition,
  title={Transition matrix Monte Carlo},
  author={Swendsen, Robert H and Diggs, Brian and Wang, Jian-Sheng and Li, Shing-Te and Genovese, Christopher and Kadane, Joseph B},
  journal={International Journal of Modern Physics C},
  volume={10},
  number={08},
  pages={1563--1569},
  year={1999},
  publisher={World Scientific}
}
% Violation of Detailed Balance.
@article{yan2003fast,
  title={Fast calculation of the density of states of a fluid by Monte Carlo simulations},
  author={Yan, Qiliang and de Pablo, Juan J},
  journal={Physical review letters},
  volume={90},
  number={3},
  pages={035701},
  year={2003},
  publisher={APS}
}
@article{shell2002generalization,
  title={Generalization of the Wang-Landau method for off-lattice simulations},
  author={Shell, M Scott and Debenedetti, Pablo G and Panagiotopoulos, Athanassios Z},
  journal={Physical review E},
  volume={66},
  number={5},
  pages={056703},
  year={2002},
  publisher={APS}
}
% 1/t WL Algorithm
@article{belardinelli2008analysis,
  title={Analysis of the convergence of the 1/t and Wang-Landau algorithms in the calculation of multidimensional integrals},
  author={Belardinelli, R E and Manzi, S and Pereyra, V. D.},
  journal={Physical Review E},
  volume={78},
  number={6},
  pages={067701},
  year={2008},
  publisher={APS}
}
@article{belardinelli2007fast,
  title={Fast algorithm to calculate density of states},
  author={Belardinelli, R E and Pereyra, V. D.},
  journal={Physical Review E},
  volume={75},
  number={4},
  pages={046701},
  year={2007},
  publisher={APS}
}
@article{zhou2008optimal,
  title={Optimal modification factor and convergence of the Wang-Landau algorithm},
  author={Zhou, Chenggang and Su, Jia and others},
  journal={Physical Review E},
  volume={78},
  number={4},
  pages={046705},
  year={2008},
  publisher={APS}
}
% WL rate of convergence and error saturation
@article{belardinelli2007wang,
  title={Wang-Landau algorithm: A theoretical analysis of the saturation of the error},
  author={Belardinelli, RE and Pereyra, VD},
  journal={The Journal of chemical physics},
  volume={127},
  number={18},
  pages={184105},
  year={2007},
  publisher={AIP}
}
@article{lee2006convergence,
  title={Convergence and refinement of the Wang--Landau algorithm},
  author={Lee, Hwee Kuan and Okabe, Yutaka and Landau, DP},
  journal={Computer physics communications},
  volume={175},
  number={1},
  pages={36--40},
  year={2006},
  publisher={Elsevier}
}
@article{zhou2005understanding,
  title={Understanding and improving the Wang-Landau algorithm},
  author={Zhou, Chenggang and Bhatt, R N},
  journal={Physical Review E},
  volume={72},
  number={2},
  pages={025701(R)},
  year={2005},
  publisher={APS}
}
@article{koh2013dynamically,
  title={Dynamically optimized Wang-Landau sampling with adaptive trial moves and modification factors},
  author={Koh, Yang Wei and Lee, Hwee Kuan and Okabe, Yutaka},
  journal={Physical Review E},
  volume={88},
  number={5},
  pages={053302},
  year={2013},
  publisher={APS}
}
% SAMC
@article{liang2006theory,
  title={A theory on flat histogram monte carlo algorithms},
  author={Liang, Faming},
  journal={Journal of statistical physics},
  volume={122},
  number={3},
  pages={511--529},
  year={2006},
  publisher={Springer}
}
@article{liang2007stochastic,
  title={Stochastic approximation in Monte Carlo computation},
  author={Liang, Faming and Liu, Chuanhai and Carroll, Raymond J},
  journal={Journal of the American Statistical Association},
  volume={102},
  number={477},
  pages={305--320},
  year={2007},
  publisher={Taylor \& Francis}
}
@article{werlich2015stochastic,
  title={Stochastic approximation Monte Carlo and Wang--Landau Monte Carlo applied to a continuum polymer model},
  author={Werlich, B and Shakirov, T and Taylor, MP and Paul, W},
  journal={Computer Physics Communications},
  volume={186},
  pages={65--70},
  year={2015},
  publisher={Elsevier}
}
%Potts Model
@article{wu1982potts,
  title={The potts model},
  author={Wu, Fa-Yueh},
  journal={Reviews of modern physics},
  volume={54},
  number={1},
  pages={235},
  year={1982},
  publisher={APS}
}
%Ising Model
@article{landau2004new,
  title={A new approach to Monte Carlo simulations in statistical physics: Wang-Landau sampling},
  author={Landau, DP and Tsai, Shan-Ho and Exler, M},
  journal={American Journal of Physics},
  volume={72},
  number={10},
  pages={1294--1302},
  year={2004},
  publisher={AAPT}
}
@article{beale1996exact,
  title={Exact distribution of energies in the two-dimensional Ising model},
  author={Beale, Paul D},
  journal={Physical Review Letters},
  volume={76},
  number={1},
  pages={78},
  year={1996},
  publisher={APS}
}
@article{wang1999transition,
  title={Transition matrix Monte Carlo reweighting and dynamics},
  author={Wang, Jian-Sheng and Tay, Tien Kiat and Swendsen, Robert H},
  journal={Physical review letters},
  volume={82},
  number={3},
  pages={476},
  year={1999},
  publisher={APS}
}
@article{landau1976finite,
  title={Finite-size behavior of the Ising square lattice},
  author={Landau, DP},
  journal={Physical Review B},
  volume={13},
  number={7},
  pages={2997},
  year={1976},
  publisher={APS}
}
@article{ferdinand1969bounded,
  title={Bounded and inhomogeneous Ising models. I. Specific-heat anomaly of a finite lattice},
  author={Ferdinand, Arthur E and Fisher, Michael E},
  journal={Physical Review},
  volume={185},
  number={2},
  pages={832},
  year={1969},
  publisher={APS}
}
@article{onsager1944crystal,
  title={Crystal statistics. I. A two-dimensional model with an order-disorder transition},
  author={Onsager, Lars},
  journal={Physical Review},
  volume={65},
  number={3-4},
  pages={117},
  year={1944},
  publisher={APS}
}
@article{kaufman1949crystal,
  title={Crystal statistics. II. Partition function evaluated by spinor analysis},
  author={Kaufman, Bruria},
  journal={Physical Review},
  volume={76},
  number={8},
  pages={1232},
  year={1949},
  publisher={APS}
}
% Ising error SAMC
@article{schneider2017convergence,
  title={Convergence of Stochastic Approximation Monte Carlo and modified Wang--Landau algorithms: Tests for the Ising model},
  author={Schneider, Simon and Mueller, Marco and Janke, Wolfhard},
  journal={Computer Physics Communications},
  volume={216},
  pages={1--7},
  year={2017},
  publisher={Elsevier}
}
@article{shakirov2018convergence,
  title={Convergence estimation of flat-histogram algorithms based on simulation results},
  author={Shakirov, T},
  journal={Computer Physics Communications},
  volume={228},
  pages={38--43},
  year={2018},
  publisher={Elsevier}
}
@article{barash2017control,
  title={Control of accuracy in the Wang-Landau algorithm},
  author={Barash, L Y and Fadeeva, M A and Shchur, L N},
  journal={Physical Review E},
  volume={96},
  number={4},
  pages={043307},
  year={2017},
  publisher={APS}
}
@article{trebst2004optimizing,
  title={Optimizing the ensemble for equilibration in broad-histogram Monte Carlo simulations},
  author={Trebst, Simon and Huse, David A and Troyer, Matthias},
  journal={Physical Review E},
  volume={70},
  number={4},
  pages={046701},
  year={2004},
  publisher={APS}
}

% This is our SAD paper!
@article{pommerenck2020stochastic,
  title={Stochastic approximation Monte Carlo with a dynamic update factor},
  author={Pommerenck, Jordan K and Simpson, Tanner T and Perlin, Michael A and Roundy, David},
  journal={Physical Review E},
  volume={101},
  number={1},
  pages={013301},
  year={2020},
  publisher={APS}
}
@article{laio2002escaping,
  title={Escaping free-energy minima},
  author={Laio, Alessandro and Parrinello, Michele},
  journal={Proceedings of the National Academy of Sciences},
  volume={99},
  number={20},
  pages={12562--12566},
  year={2002},
  publisher={National Acad Sciences}
}
@article{junghans2014molecular,
  title={Molecular dynamics in the multicanonical ensemble: Equivalence of Wang--Landau sampling, statistical temperature molecular dynamics, and metadynamics},
  author={Junghans, Christoph and Perez, Danny and Vogel, Thomas},
  journal={Journal of chemical theory and computation},
  volume={10},
  number={5},
  pages={1843--1847},
  year={2014},
  publisher={ACS Publications}
}
@article{kim2009replica,
  title={Replica exchange statistical temperature monte carlo},
  author={Kim, Jaegil G and Keyes, Thomas and Straub, John E},
  journal={The Journal of chemical physics},
  volume={130},
  number={12},
  pages={124112},
  year={2009},
  publisher={AIP}
}
@article{kim2006statistical,
  title={Statistical-temperature Monte Carlo and molecular dynamics algorithms},
  author={Kim, Jaegil G and Straub, John E and Keyes, Thomas},
  journal={Physical review letters},
  volume={97},
  number={5},
  pages={050601},
  year={2006},
  publisher={APS}
}
@article{kim2007statistical,
  title={Statistical temperature molecular dynamics: Application to coarse-grained $\beta$-barrel-forming protein models},
  author={Kim, Jaegil G and Straub, John E and Keyes, Thomas},
  journal={The Journal of chemical physics},
  volume={126},
  number={13},
  pages={04B601},
  year={2007},
  publisher={AIP}
}
@article{troster2005wang,
  title={Wang-Landau sampling with self-adaptive range},
  author={Tr{\"o}ster, Andreas and Dellago, Christoph},
  journal={Physical Review E},
  volume={71},
  number={6},
  pages={066705},
  year={2005},
  publisher={APS}
}

@article{haggkvist2004computation,
  title={Computation of the Ising partition function for two-dimensional square grids},
  author={H{\"a}ggkvist, Roland and Rosengren, Anders and Andr{\'e}n, Daniel and Kundrotas, Petras and Lundow, Per H{\aa}kan and Markstr{\"o}m, Klas},
  journal={Physical Review E},
  volume={69},
  number={4},
  pages={046104},
  year={2004},
  publisher={APS}
}
@article{berg1992multicanonical,
  title={Multicanonical ensemble: A new approach to simulate first-order phase transitions},
  author={Berg, Bernd A and Neuhaus, Thomas},
  journal={Physical Review Letters},
  volume={68},
  number={1},
  pages={9},
  year={1992},
  publisher={APS}
}
@article{berg1991multicanonical,
  title={Multicanonical algorithms for first order phase transitions},
  author={Berg, Bernd A and Neuhaus, Thomas},
  journal={Physics Letters B},
  volume={267},
  number={2},
  pages={249--253},
  year={1991},
  publisher={Elsevier}
}
@article{barash2019estimating,
  title={Estimating the density of states of frustrated spin systems},
  author={Barash, Lev and Marshall, Jeffrey and Weigel, Martin and Hen, Itay},
  journal={New Journal of Physics},
  volume={21},
  number={7},
  pages={073065},
  year={2019},
  publisher={IOP Publishing}
}
@article{gross2018massively,
  title={Massively parallel multicanonical simulations},
  author={Gross, Jonathan and Zierenberg, Johannes and Weigel, Martin and Janke, Wolfhard},
  journal={Computer Physics Communications},
  volume={224},
  pages={387--395},
  year={2018},
  publisher={Elsevier}
}
@article{barash2017gpu,
  title={GPU accelerated population annealing algorithm},
  author={Barash, Lev Yu and Weigel, Martin and Borovsk{\`y}, Michal and Janke, Wolfhard and Shchur, Lev N},
  journal={Computer Physics Communications},
  volume={220},
  pages={341--350},
  year={2017},
  publisher={Elsevier}
}
@article{janke2017generalized,
  title={Generalized Ensemble Computer Simulations of Macromolecules},
  author={Janke, Wolfhard},
  journal={Order, Disorder And Criticality-Advanced Problems Of Phase Transition Theory},
  volume={5},
  pages={173},
  year={2017},
  publisher={World Scientific}
}
@article{jayasri2005wang,
  title={Wang-Landau Monte Carlo simulation of isotropic-nematic transition in liquid crystals},
  author={Jayasri, D and Sastry, V S S and Murthy, K P N},
  journal={Physical Review E},
  volume={72},
  number={3},
  pages={036702},
  year={2005},
  publisher={APS}
}
@article{mukhopadhyay2008monte,
  title={Monte Carlo simulation of joint density of states in one-dimensional Lebwohl--Lasher model using Wang--Landau algorithm},
  author={Mukhopadhyay, Kisor and Ghoshal, Nababrata and Roy, Soumen Kumar},
  journal={Physics Letters A},
  volume={372},
  number={19},
  pages={3369--3374},
  year={2008},
  publisher={Elsevier}
}
@article{liang2009improving,
  title={Improving SAMC using smoothing methods: theory and applications to Bayesian model selection problems},
  author={Liang, Faming and others},
  journal={The Annals of Statistics},
  volume={37},
  number={5B},
  pages={2626--2654},
  year={2009},
  publisher={Institute of Mathematical Statistics}
}
@article{bhattacharjee1995fifty,
  title={Fifty Years of the Exact solution of the Two-dimensional Ising Model by Onsager},
  author={Bhattacharjee, Somendra M and Khare, Avinash},
  journal={Current science},
  volume={69},
  number={10},
  pages={816--821},
  year={1995},
  publisher={Current Science Association}
}

@article{nadler2007generalized,
  title={Generalized ensemble and tempering simulations: A unified view},
  author={Nadler, Walter and Hansmann, Ulrich HE},
  journal={Physical Review E},
  volume={75},
  number={2},
  pages={026109},
  year={2007},
  publisher={APS}
}
@article{nadler2007dynamics,
  title={Dynamics and optimal number of replicas in parallel tempering simulations},
  author={Nadler, Walter and Hansmann, Ulrich HE},
  journal={Physical Review E},
  volume={76},
  number={6},
  pages={065701},
  year={2007},
  publisher={APS}
}
@article{vogel2013rewl,
  title = {Generic, Hierarchical Framework for Massively Parallel Wang-Landau Sampling},
  author = {Vogel, Thomas and Li, Ying Wai and W\"ust, Thomas and Landau, David P.},
  journal = {Phys. Rev. Lett.},
  volume = {110},
  issue = {21},
  pages = {210603},
  numpages = {5},
  year = {2013},
  month = {May},
  publisher = {American Physical Society},
  doi = {10.1103/PhysRevLett.110.210603},
  url = {https://link.aps.org/doi/10.1103/PhysRevLett.110.210603}
}
