% DFT
@article{gil-villegas-1997-SAFT-VR,
  title={{Statistical associating fluid theory for chain molecules with attractive potentials of variable range}},
  author={Gil-Villegas, A. and Galindo, A. and Whitehead, P.J. and Mills, S.J. and Jackson, G. and Burgess, A.N.},
  journal={The Journal of Chemical Physics},
  volume={106},
  pages={4168},
  year={1997}
}
@article{roth2002whitebear,
  title={{Fundamental measure theory for hard-sphere mixtures revisited: the White Bear version}},
  author={Roth, R. and Evans, R. and Lang, A. and Kahl, G.},
  journal={Journal of Physics: Condensed Matter},
  volume={14},
  pages={12063},
  year={2002},
  publisher={IOP Publishing}
}
@article{barker1976liquid,
  title={What is "liquid"? Understanding the states of matter},
  author={Barker, J.A. and Henderson, D.},
  journal={Reviews of Modern Physics},
  volume={48},
  number={4},
  pages={587},
  year={1976},
  publisher={APS}
}
@article{hughes2013classical,
  title={A classical density-functional theory for describing water interfaces},
  author={Hughes, Jessica and Krebs, Eric J and Roundy, David and others},
  journal={The Journal of chemical physics},
  volume={138},
  number={2},
  pages={024509--024509},
  year={2013}
}
@article{peng2008meanfield,
author = {Peng, Bo and Yu, Yang-Xin},
title = {A Density Functional Theory with a Mean-field Weight Function: Applications to Surface Tension, Adsorption, and Phase Transition of a Lennard-Jones Fluid in a Slit-like Pore},
journal = {The Journal of Physical Chemistry B},
volume = {112},
number = {48},
pages = {15407-15416},
year = {2008},
doi = {10.1021/jp805697p},

URL = {http://pubs.acs.org/doi/abs/10.1021/jp805697p},
eprint = {http://pubs.acs.org/doi/pdf/10.1021/jp805697p}
}
@article{yu2009novel,
  title={A novel weighted density functional theory for adsorption, fluid-solid interfacial tension, and disjoining properties of simple liquid films on planar solid surfaces},
  author={Yu, Yang-Xin},
  journal={The Journal of chemical physics},
  volume={131},
  number={2},
  pages={024704},
  year={2009},
  publisher={AIP Publishing}
}
@article{sundararaman2013efficient,
  title={Efficient classical density-functional theories of rigid-molecular fluids and a simplified free energy functional for liquid water},
  author={Sundararaman, Ravishankar and Arias, TA},
  journal={Computer Physics Communications},
  year={2013},
  publisher={Elsevier}
}
@article{shen2013hybrid,
  title={A hybrid perturbed-chain SAFT density functional theory for representing fluid behavior in nanopores: Mixtures},
  author={Shen, Gulou and Ji, Xiaoyan and {\"O}berg, Sven and Lu, Xiaohua},
  journal={The Journal of chemical physics},
  volume={139},
  number={19},
  pages={194705},
  year={2013},
  publisher={AIP Publishing}
}
@article{schulte2012using,
  title={Using fundamental measure theory to treat the correlation function of the inhomogeneous hard-sphere fluid},
  author={Schulte, Jeff B and Kreitzberg, Patrick A and Haglund, Chris V and Roundy, David},
  journal={Physical Review E},
  volume={86},
  number={6},
  pages={061201},
  year={2012},
  publisher={APS}
}
% Square well fluid
@article{barker1967-SW-perturbation,
   author = {Barker, J. A. and Henderson, D.},
   title = {Perturbation Theory and Equation of State for Fluids: The Square‚ÄêWell Potential},
   journal = {The Journal of Chemical Physics},
   year = {1967},
   volume = {47},
   number = {8},
   pages = {2856-2861},
}
@article{vega1992phase,
  title={Phase equilibria and critical behavior of square-well fluids of variable width by Gibbs ensemble Monte Carlo simulation},
  author={Vega, Lourdes and de Miguel, Enrique and Rull, Luis F and Jackson, George and McLure, Ian A},
  journal={The Journal of Chemical Physics},
  volume={96},
  number={3},
  pages={2296--2305},
  year={1992},
  publisher={AIP}
}
@article{singh2003surface,
  title={Surface tension and vapor--liquid phase coexistence of the square-well fluid},
  author={Singh, Jayant K and Kofke, David A and Errington, Jeffrey R},
  journal={The Journal of Chemical Physics},
  volume={119},
  number={6},
  pages={3405--3412},
  year={2003},
  publisher={AIP}
}
@article{barker2004perturbationSW,
  title={Perturbation Theory and Equation of State for Fluids: The Square-Well Potential},
  author={Barker, John Adair and Henderson, Douglas},
  journal={The Journal of Chemical Physics},
  volume={47},
  number={8},
  pages={2856--2861},
  year={2004},
  publisher={AIP Publishing}
}
@book{Simple-Liquids,
  author = {Hansen, J. P. and McDonald, I. R.},
  title = {Theory of Simple Liquids},
  publisher = {Academic Press},
  edition = {3},
  year = {2006}
}
@article{barker2004perturbationII,
  title={Perturbation theory and equation of state for fluids. II. A successful theory of liquids},
  author={Barker, John A and Henderson, Douglas},
  journal={The Journal of Chemical Physics},
  volume={47},
  number={11},
  pages={4714--4721},
  year={2004},
  publisher={AIP Publishing}
}
@article{lurie2014approach,
  title={Approach to approximating the pair distribution function of inhomogeneous hard-sphere fluids},
  author={Lurie-Gregg, Paho and Schulte, Jeff B and Roundy, David},
  journal={Physical Review E},
  volume={90},
  number={4},
  pages={042130},
  year={2014},
  publisher={APS}
}
@phdthesis{schulte2015thesis,
  title={Hard spheres within classical density functional theory and Min proteins in Escherichia coli},
  author={Schulte, Jeff B},
  year={2015}
}
@article{krebs2014improved,
  title={Improved association in a classical density functional theory for water},
  author={Krebs, Eric J and Schulte, Jeff B and Roundy, David},
  journal={The Journal of chemical physics},
  volume={140},
  number={12},
  pages={124507},
  year={2014},
  publisher={AIP}
}
@phdthesis{perlin2015thesis,
  title={Optimizing Monte Carlo simulation of the square-well fluid},
  author={Perlin, Michael A},
  year={2015}
}
% Broad Histogram
@article{penna1998broad,
  title={Broad histogram monte carlo},
  author={De Oliveira, PMC and Penna, TJP and Herrmann, HJ},
  journal={The European Physical Journal B-Condensed Matter and Complex Systems},
  volume={1},
  number={2},
  pages={205--208},
  year={1998},
  publisher={Springer}
}
@article{penna1996broad,
  title={Broad histogram method},
  author={Penna, TJP and Herrmann, HJ},
  journal={arXiv preprint cond-mat/9610041},
  year={1996}
}
@article{wang1999broad,
  title={Is the broad histogram random walk dynamics correct?},
  author={Wang, J-S},
  journal={The European Physical Journal B-Condensed Matter and Complex Systems},
  volume={8},
  number={2},
  pages={287--291},
  year={1999},
  publisher={Springer}
}
@article{swendsen1987nonuniversal,
  title={Nonuniversal critical dynamics in Monte Carlo simulations},
  author={Swendsen, Robert H and Wang, Jian-Sheng},
  journal={Physical review letters},
  volume={58},
  number={2},
  pages={86},
  year={1987},
  publisher={APS}
}
@article{hastings1970monte,
  title={Monte Carlo sampling methods using Markov chains and their applications},
  author={Hastings, W Keith},
  journal={Biometrika},
  volume={57},
  number={1},
  pages={97--109},
  year={1970},
  publisher={Biometrika Trust}
}
% Optimized Ensembles
@article{trebst2004optimizing,
  title={Optimizing the ensemble for equilibration in broad-histogram Monte Carlo simulations},
  author={Trebst, Simon and Huse, David A and Troyer, Matthias},
  journal={Physical Review E},
  volume={70},
  number={4},
  pages={046701},
  year={2004},
  publisher={APS}
}
@article{wessel2007optimized,
  title={Optimized broad-histogram ensembles for the simulation of quantum systems},
  author={Wessel, Stefan and Stoop, Norbert and Gull, Emanuel and Trebst, Simon and Troyer, Matthias},
  journal={Journal of Statistical Mechanics: Theory and Experiment},
  volume={2007},
  number={12},
  pages={P12005},
  year={2007},
  publisher={IOP Publishing}
}
% GC-TMMC Algorithm
@article{siderius2013use,
  title={Use of the grand canonical transition-matrix Monte Carlo method to model gas adsorption in porous materials},
  author={Siderius, Daniel W and Shen, Vincent K},
  journal={The Journal of Physical Chemistry C},
  volume={117},
  number={11},
  pages={5861--5872},
  year={2013},
  publisher={ACS Publications}
}
@article{chen2001aggregation,
  title={Aggregation-volume-bias Monte Carlo simulations of vapor-liquid nucleation barriers for Lennard-Jonesium},
  author={Chen, Bin and Siepmann, J Ilja and Oh, Kwang J and Klein, Michael L},
  journal={The Journal of Chemical Physics},
  volume={115},
  number={23},
  pages={10903--10913},
  year={2001},
  publisher={AIP}
}
@article{chen2002simulating,
  title={Simulating vapor--liquid nucleation of n-alkanes},
  author={Chen, Bin and Siepmann, J Ilja and Oh, Kwang J and Klein, Michael L},
  journal={The Journal of chemical physics},
  volume={116},
  number={10},
  pages={4317--4329},
  year={2002},
  publisher={AIP}
}
@article{errington2003direct,
  title={Direct calculation of liquid--vapor phase equilibria from transition matrix Monte Carlo simulation},
  author={Errington, Jeffrey R},
  journal={The Journal of chemical physics},
  volume={118},
  number={22},
  pages={9915--9925},
  year={2003},
  publisher={AIP}
}
@article{paluch2008comparing,
  title={Comparing the use of Gibbs ensemble and grand-canonical transition-matrix Monte Carlo methods to determine phase equilibria},
  author={Paluch, Andrew S and Shen, Vincent K and Errington, Jeffrey R},
  journal={Industrial \& Engineering Chemistry Research},
  volume={47},
  number={13},
  pages={4533--4541},
  year={2008},
  publisher={ACS Publications}
}
@article{fenwick2006accurate,
  title={Accurate estimation of the density of states from Monte Carlo transition probability data},
  author={Fenwick, Michael K},
  journal={The Journal of chemical physics},
  volume={125},
  number={14},
  pages={144905},
  year={2006},
  publisher={AIP}
}
@article{fenwick2008direct,
  title={A direct multiple histogram reweighting method for optimal computation of the density of states},
  author={Fenwick, Michael K},
  journal={The Journal of chemical physics},
  volume={129},
  number={12},
  pages={09B619},
  year={2008},
  publisher={AIP}
}
@article{errington2005direct,
  title={Direct evaluation of multicomponent phase equilibria using flat-histogram methods},
  author={Errington, Jeffrey R and Shen, Vincent K},
  journal={The Journal of chemical physics},
  volume={123},
  number={16},
  pages={164103},
  year={2005},
  publisher={AIP}
}
@article{grzelak2008computation,
  title={Computation of interfacial properties via grand canonical transition matrix Monte Carlo simulation},
  author={Grzelak, Eric M and Errington, Jeffrey R},
  journal={The Journal of chemical physics},
  volume={128},
  number={1},
  pages={014710},
  year={2008},
  publisher={AIP}
}
% Fitzgerald TMMC Alogrithm
@article{fitzgerald2000monte,
  title={Monte Carlo transition dynamics and variance reduction},
  author={Fitzgerald, M and Picard, RR and Silver, RN},
  journal={Journal of Statistical Physics},
  volume={98},
  number={1-2},
  pages={321--345},
  year={2000},
  publisher={Springer}
}
@article{siepmann1990method,
  title={A method for the direct calculation of chemical potentials for dense chain systems},
  author={Siepmann, J{\"o}rn Ilja},
  journal={Molecular Physics},
  volume={70},
  number={6},
  pages={1145--1158},
  year={1990},
  publisher={Taylor \& Francis}
}
% WL-TMMC Alogrithm
@article{shell2003improved,
  title={An improved Monte Carlo method for direct calculation of the density of states},
  author={Shell, M Scott and Debenedetti, Pablo G and Panagiotopoulos, Athanassios Z},
  journal={The Journal of chemical physics},
  volume={119},
  number={18},
  pages={9406--9411},
  year={2003},
  publisher={AIP}
}
@article{shell2004flat,
  title={Flat-histogram dynamics and optimization in density of states simulations of fluids},
  author={Shell, M Scott and Debenedetti, Pablo G and Panagiotopoulos, Athanassios Z},
  journal={The Journal of Physical Chemistry B},
  volume={108},
  number={51},
  pages={19748--19755},
  year={2004},
  publisher={ACS Publications}
}
@article{shen2014elucidating,
  title={Elucidating the effects of adsorbent flexibility on fluid adsorption using simple models and flat-histogram sampling methods},
  author={Shen, Vincent K and Siderius, Daniel W},
  journal={The Journal of chemical physics},
  volume={140},
  number={24},
  pages={244106},
  year={2014},
  publisher={AIP}
}
@article{hatch2015computational,
  title={Computational study of trimer self-assembly and fluid phase behavior},
  author={Hatch, Harold W and Mittal, Jeetain and Shen, Vincent K},
  journal={The Journal of chemical physics},
  volume={142},
  number={16},
  pages={164901},
  year={2015},
  publisher={AIP Publishing}
}
@article{mahynski2017predicting,
  title={Predicting low-temperature free energy landscapes with flat-histogram Monte Carlo methods},
  author={Mahynski, Nathan A and Blanco, Marco A and Errington, Jeffrey R and Shen, Vincent K},
  journal={The Journal of Chemical Physics},
  volume={146},
  number={7},
  pages={074101},
  year={2017},
  publisher={AIP Publishing}
}
@article{mahynski2017multivariable,
  title={Multivariable extrapolation of grand canonical free energy landscapes},
  author={Mahynski, Nathan A and Errington, Jeffrey R and Shen, Vincent K},
  journal={The Journal of chemical physics},
  volume={147},
  number={23},
  pages={234111},
  year={2017},
  publisher={AIP Publishing}
}
@article{blanco2016effect,
  title={Effect of the surface charge distribution on the fluid phase behavior of charged colloids and proteins},
  author={Blanco, Marco A and Shen, Vincent K},
  journal={The Journal of chemical physics},
  volume={145},
  number={15},
  pages={155102},
  year={2016},
  publisher={AIP Publishing}
}
@article{rane2013monte,
  title={Monte Carlo simulation methods for computing liquid--vapor saturation properties of model systems},
  author={Rane, Kaustubh S and Murali, Sabharish and Errington, Jeffrey R},
  journal={Journal of chemical theory and computation},
  volume={9},
  number={6},
  pages={2552--2566},
  year={2013},
  publisher={ACS Publications}
}
@article{haber2018performance,
  title={A Performance Comparison of Density-of-States Methods},
  author={Haber, Ren{\'e} and Hoffmann, Karl Heinz},
  year={2018}
}
% SA-TMMC (Stochastic Approximation)
@article{liang2006theory,
  title={A theory on flat histogram monte carlo algorithms},
  author={Liang, Faming},
  journal={Journal of statistical physics},
  volume={122},
  number={3},
  pages={511--529},
  year={2006},
  publisher={Springer}
}
@article{liang2007stochastic,
  title={Stochastic approximation in Monte Carlo computation},
  author={Liang, Faming and Liu, Chuanhai and Carroll, Raymond J},
  journal={Journal of the American Statistical Association},
  volume={102},
  number={477},
  pages={305--320},
  year={2007},
  publisher={Taylor \& Francis}
}
@article{schneider2017convergence,
  title={Convergence of Stochastic Approximation Monte Carlo and modified Wang--Landau algorithms: Tests for the Ising model},
  author={Schneider, Simon and Mueller, Marco and Janke, Wolfhard},
  journal={Computer Physics Communications},
  volume={216},
  pages={1--7},
  year={2017},
  publisher={Elsevier}
}
@article{werlich2015stochastic,
  title={Stochastic approximation Monte Carlo and Wang--Landau Monte Carlo applied to a continuum polymer model},
  author={Werlich, B and Shakirov, T and Taylor, MP and Paul, W},
  journal={Computer Physics Communications},
  volume={186},
  pages={65--70},
  year={2015},
  publisher={Elsevier}
}
% WL rate of convergence and error saturation
@article{belardinelli2007wang,
  title={Wang-Landau algorithm: A theoretical analysis of the saturation of the error},
  author={Belardinelli, R. E. and Pereyra, V. D.},
  journal={The Journal of chemical physics},
  volume={127},
  number={18},
  pages={184105},
  year={2007},
  publisher={AIP}
}
@article{lee2006convergence,
  title={Convergence and refinement of the Wang--Landau algorithm},
  author={Lee, Hwee Kuan and Okabe, Yutaka and Landau, D. P.},
  journal={Computer physics communications},
  volume={175},
  number={1},
  pages={36--40},
  year={2006},
  publisher={Elsevier}
}
@article{zhou2005understanding,
  title={Understanding and improving the Wang-Landau algorithm},
  author={Zhou, Chenggang and Bhatt, R. N.},
  journal={Physical Review E},
  volume={72},
  number={2},
  pages={025701},
  year={2005},
  publisher={APS}
}
@article{koh2013dynamically,
  title={Dynamically optimized Wang-Landau sampling with adaptive trial moves and modification factors},
  author={Koh, Yang Wei and Lee, Hwee Kuan and Okabe, Yutaka},
  journal={Physical Review E},
  volume={88},
  number={5},
  pages={053302},
  year={2013},
  publisher={APS}
}
% Wang-Landau Algorithm
@article{wang2001determining,
  title={Determining the density of states for classical statistical models: A random walk algorithm to produce a flat histogram},
  author={Wang, Fugao and Landau, D. P.},
  journal={Physical Review E},
  volume={64},
  number={5},
  pages={056101},
  year={2001},
  publisher={APS}
}
@article{wang2001efficient,
  title={Efficient, multiple-range random walk algorithm to calculate the density of states},
  author={Wang, Fugao and Landau, D. P.},
  journal={Physical review letters},
  volume={86},
  number={10},
  pages={2050},
  year={2001},
  publisher={APS}
}
@article{landau2004new,
  title={A new approach to Monte Carlo simulations in statistical physics: Wang-Landau sampling},
  author={Landau, D. P. and Tsai, Shan-Ho and Exler, M},
  journal={American Journal of Physics},
  volume={72},
  number={10},
  pages={1294--1302},
  year={2004},
  publisher={AAPT}
}
@article{belardinelli2014intrinsic,
  title={Intrinsic convergence properties of entropic sampling algorithms},
  author={Belardinelli, Rolando Elio and Pereyra, Victor Daniel and Dickman, Ronald and Louren{\c{c}}o, Bruno Jeferson},
  journal={Journal of Statistical Mechanics: Theory and Experiment},
  volume={2014},
  number={7},
  pages={P07007},
  year={2014},
  publisher={Iop Publishing}
}
@article{singh2012density,
  title={Density of states--based molecular simulations},
  author={Singh, Sadanand and Chopra, Manan and de Pablo, Juan J},
  journal={Annual Review of Chemical and Biomolecular Engineering},
  volume={3},
  pages={369--394},
  year={2012},
  publisher={Annual Reviews}
}
% 1/t WL Algorithm
@article{belardinelli2008analysis,
  title={Analysis of the convergence of the 1/t and Wang-Landau algorithms in the calculation of multidimensional integrals},
  author={Belardinelli, R E and Manzi, S and Pereyra, V. D.},
  journal={Physical Review E},
  volume={78},
  number={6},
  pages={067701},
  year={2008},
  publisher={APS}
}
@article{belardinelli2007fast,
  title={Fast algorithm to calculate density of states},
  author={Belardinelli, R E and Pereyra, V. D.},
  journal={Physical Review E},
  volume={75},
  number={4},
  pages={046701},
  year={2007},
  publisher={APS}
}
% TMMC
@article{bhar2009computer,
  title={Computer simulation of two continuous spin models using Wang--Landau-Transition-Matrix Monte Carlo algorithm},
  author={Bhar, Shyamal and Roy, Soumen Kumar},
  journal={Computer Physics Communications},
  volume={180},
  number={5},
  pages={699--707},
  year={2009},
  publisher={Elsevier}
}
@article{wang1999transition,
  title={Transition matrix Monte Carlo reweighting and dynamics},
  author={Wang, Jian-Sheng and Tay, Tien Kiat and Swendsen, Robert H},
  journal={Physical review letters},
  volume={82},
  number={3},
  pages={476},
  year={1999},
  publisher={APS}
}
@article{wang2002transition,
  title={Transition matrix Monte Carlo method},
  author={Wang, Jian-Sheng and Swendsen, Robert H},
  journal={Journal of statistical physics},
  volume={106},
  number={1-2},
  pages={245--285},
  year={2002},
  publisher={Springer}
}
@article{swendsen1999transition,
  title={Transition matrix Monte Carlo},
  author={Swendsen, Robert H and Diggs, Brian and Wang, Jian-Sheng and Li, Shing-Te and Genovese, Christopher and Kadane, Joseph B},
  journal={International Journal of Modern Physics C},
  volume={10},
  number={08},
  pages={1563--1569},
  year={1999},
  publisher={World Scientific}
}
@phdthesis{haber2014transition,
  title={Transition Matrix Monte Carlo Methods for Density of States Prediction},
  author={Haber, Ren{\'e}},
  year={2014}
}
@article{ferrenberg1988new,
  title={New Monte Carlo technique for studying phase transitions},
  author={Ferrenberg, Alan M and Swendsen, Robert H},
  journal={Physical review letters},
  volume={61},
  number={23},
  pages={2635},
  year={1988},
  publisher={APS}
}
@article{schulz2003avoiding,
  title={Avoiding boundary effects in Wang-Landau sampling},
  author={Schulz, B J and Binder, K and M{\"u}ller, M and Landau, D. P.},
  journal={Physical Review E},
  volume={67},
  number={6},
  pages={067102},
  year={2003},
  publisher={APS}
}
@article{yan2003fast,
  title={Fast calculation of the density of states of a fluid by Monte Carlo simulations},
  author={Yan, Qiliang and de Pablo, Juan J},
  journal={Physical review letters},
  volume={90},
  number={3},
  pages={035701},
  year={2003},
  publisher={APS}
}
@article{zhou2008optimal,
  title={Optimal modification factor and convergence of the Wang-Landau algorithm},
  author={Zhou, Chenggang and Su, Jia and others},
  journal={Physical Review E},
  volume={78},
  number={4},
  pages={046705},
  year={2008},
  publisher={APS}
}
@article{fasnacht2004adaptive,
  title={Adaptive integration method for Monte Carlo simulations},
  author={Fasnacht, Marc and Swendsen, Robert H and Rosenberg, John M},
  journal={Physical Review E},
  volume={69},
  number={5},
  pages={056704},
  year={2004},
  publisher={APS}
}
% Additional citations desired by the referee (CHECK FOR ERRORS IN NAMES)
@article{berg1992multicanonical,
  title={Multicanonical ensemble: A new approach to simulate first-order phase transitions},
  author={Berg, Bernd A and Neuhaus, Thomas},
  journal={Physical Review Letters},
  volume={68},
  number={1},
  pages={9},
  year={1992},
  publisher={APS}
}
@article{berg1991multicanonical,
  title={Multicanonical algorithms for first order phase transitions},
  author={Berg, Bernd A and Neuhaus, Thomas},
  journal={Physics Letters B},
  volume={267},
  number={2},
  pages={249--253},
  year={1991},
  publisher={Elsevier}
}
@article{panagiotopoulos1998phase,
  title={Phase equilibria of lattice polymers from histogram reweighting Monte Carlo simulations},
  author={Panagiotopoulos, Athanassios Z and Wong, Vicky and Floriano, M Antonio},
  journal={Macromolecules},
  volume={31},
  number={3},
  pages={912--918},
  year={1998},
  publisher={ACS Publications}
}
@article{panagiotopoulos2000monte,
  title={Monte Carlo methods for phase equilibria of fluids},
  author={Panagiotopoulos, Athanassios Z},
  journal={Journal of Physics: Condensed Matter},
  volume={12},
  number={3},
  pages={R25},
  year={2000},
  publisher={IOP Publishing}
}
@article{dayal2004performance,
  title={Performance limitations of flat-histogram methods},
  author={Dayal, Prakash and Trebst, Simon and Wessel, Stefan and Wurtz, Diethelm and Troyer, Matthias and Sabhapandit, Sanjib and Coppersmith, S N},
  journal={Physical Review Letters},
  volume={92},
  number={9},
  pages={097201},
  year={2004},
  publisher={APS}
}
@article{troyer2003flat,
  title={Flat histogram methods for quantum systems: algorithms to overcome tunneling problems and calculate the free energy},
  author={Troyer, Matthias and Wessel, Stefan and Alet, Fabien},
  journal={Physical review letters},
  volume={90},
  number={12},
  pages={120201},
  year={2003},
  publisher={APS}
}
@article{laio2002escaping,
  title={Escaping free-energy minima},
  author={Laio, Alessandro and Parrinello, Michele},
  journal={Proceedings of the National Academy of Sciences},
  volume={99},
  number={20},
  pages={12562--12566},
  year={2002},
  publisher={National Acad Sciences}
}
@article{junghans2014molecular,
  title={Molecular dynamics in the multicanonical ensemble: Equivalence of Wang--Landau sampling, statistical temperature molecular dynamics, and metadynamics},
  author={Junghans, Christoph and Perez, Danny and Vogel, Thomas},
  journal={Journal of chemical theory and computation},
  volume={10},
  number={5},
  pages={1843--1847},
  year={2014},
  publisher={ACS Publications}
}
@article{kim2009replica,
  title={Replica exchange statistical temperature monte carlo},
  author={Kim, Jaegil G and Keyes, Thomas and Straub, John E},
  journal={The Journal of chemical physics},
  volume={130},
  number={12},
  pages={124112},
  year={2009},
  publisher={AIP}
}
@article{kim2006statistical,
  title={Statistical-temperature Monte Carlo and molecular dynamics algorithms},
  author={Kim, Jaegil G and Straub, John E and Keyes, Thomas},
  journal={Physical review letters},
  volume={97},
  number={5},
  pages={050601},
  year={2006},
  publisher={APS}
}
@article{kim2007statistical,
  title={Statistical temperature molecular dynamics: Application to coarse-grained $\beta$-barrel-forming protein models},
  author={Kim, Jaegil G and Straub, John E and Keyes, Thomas},
  journal={The Journal of chemical physics},
  volume={126},
  number={13},
  pages={04B601},
  year={2007},
  publisher={AIP}
}
@article{troster2005wang,
  title={Wang-Landau sampling with self-adaptive range},
  author={Tr{\"o}ster, Andreas and Dellago, Christoph},
  journal={Physical Review E},
  volume={71},
  number={6},
  pages={066705},
  year={2005},
  publisher={APS}
}
@article{liang2009improving,
  title={Improving SAMC using smoothing methods: theory and applications to Bayesian model selection problems},
  author={Liang, Faming and others},
  journal={The Annals of Statistics},
  volume={37},
  number={5B},
  pages={2626--2654},
  year={2009},
  publisher={Institute of Mathematical Statistics}
}
% LJ Citations
@article{mandelshtam2006multiple,
  title={Multiple structural transformations in Lennard-Jones clusters: Generic versus size-specific behavior},
  author={Mandelshtam, Vladimir A and Frantsuzov, Pavel A},
  journal={The Journal of chemical physics},
  volume={124},
  number={20},
  pages={204511},
  year={2006},
  publisher={AIP}
}
@article{neirotti2000phase,
  title={Phase changes in 38-atom Lennard-Jones clusters. I. A parallel tempering study in the canonical ensemble},
  author={Neirotti, JP and Calvo, F and Freeman, David L and Doll, JD},
  journal={The Journal of Chemical Physics},
  volume={112},
  number={23},
  pages={10340--10349},
  year={2000},
  publisher={AIP}
}
@article{frantsuzov2005size,
  title={Size-temperature phase diagram for small Lennard-Jones clusters},
  author={Frantsuzov, Pavel A and Mandelshtam, Vladimir A},
  journal={Physical Review E},
  volume={72},
  number={3},
  pages={037102},
  year={2005},
  publisher={APS}
}
@article{wales1997global,
  title={Global optimization by basin-hopping and the lowest energy structures of Lennard-Jones clusters containing up to 110 atoms},
  author={Wales, David J and Doye, Jonathan PK},
  journal={The Journal of Physical Chemistry A},
  volume={101},
  number={28},
  pages={5111--5116},
  year={1997},
  publisher={ACS Publications}
}
@article{calvo2000entropic,
  title={Entropic tempering: A method for overcoming quasiergodicity in simulation},
  author={Calvo, F and Doye, J P K},
  journal={Physical Review E},
  volume={63},
  number={1},
  pages={010902},
  year={2000},
  publisher={APS}
}
@article{calvo2000phase,
  title={Phase changes in 38-atom Lennard-Jones clusters. II. A parallel tempering study of equilibrium and dynamic properties in the molecular dynamics and microcanonical ensembles},
  author={Calvo, F and Neirotti, JP and Freeman, David L and Doll, JD},
  journal={The Journal of Chemical Physics},
  volume={112},
  number={23},
  pages={10350--10357},
  year={2000},
  publisher={AIP}
}
@article{poulain2006performances,
  title={Performances of Wang-Landau algorithms for continuous systems},
  author={Poulain, Pierre and Calvo, Florent and Antoine, Rodolphe and Broyer, Michel and Dugourd, Ph},
  journal={Physical Review E},
  volume={73},
  number={5},
  pages={056704},
  year={2006},
  publisher={APS}
}
@article{martiniani2014superposition,
  title={Superposition enhanced nested sampling},
  author={Martiniani, Stefano and Stevenson, Jacob D and Wales, David J and Frenkel, Daan},
  journal={Physical Review X},
  volume={4},
  number={3},
  pages={031034},
  year={2014},
  publisher={APS}
}
@article{doye1998thermodynamics,
  title={Thermodynamics of global optimization},
  author={Doye, J P K and Wales, D J},
  journal={Physical review letters},
  volume={80},
  number={7},
  pages={1357},
  year={1998},
  publisher={APS}
}
@article{doye1997thermally,
  title={Thermally-induced surface reconstructions of Mackay icosahedra},
  author={Doye, J P K and Wales, D J},
  journal={Zeitschrift f{\"u}r Physik D Atoms, Molecules and Clusters},
  volume={40},
  number={1},
  pages={466--468},
  year={1997},
  publisher={Springer}
}
@article{hendy2001molecular,
  title={Molecular-dynamics simulations of lead clusters},
  author={Hendy, S C and Hall, B D},
  journal={Physical Review B},
  volume={64},
  number={8},
  pages={085425},
  year={2001},
  publisher={APS}
}
@article{northby1987structure,
  title={Structure and binding of Lennard-Jones clusters: 13 U+2264 N U+2264 147},
  author={Northby, JA},
  journal={The Journal of chemical physics},
  volume={87},
  number={10},
  pages={6166--6177},
  year={1987},
  publisher={AIP}
}
@book{landau2014guide,
  title={A guide to Monte Carlo simulations in statistical physics},
  author={Landau, David P and Binder, Kurt},
  year={2014},
  publisher={Cambridge university press}
}
@phdthesis{haber2014transition,
  title={Transition Matrix Monte Carlo Methods for Density of States Prediction},
  author={Haber, Ren{\'e}},
  year={2014}
}
% Violation of Detailed Balance.
@article{shell2002generalization,
  title={Generalization of the Wang-Landau method for off-lattice simulations},
  author={Shell, M Scott and Debenedetti, Pablo G and Panagiotopoulos, Athanassios Z},
  journal={Physical review E},
  volume={66},
  number={5},
  pages={056703},
  year={2002},
  publisher={APS}
}
%Potts Model
@article{wu1982potts,
  title={The potts model},
  author={Wu, Fa-Yueh},
  journal={Reviews of modern physics},
  volume={54},
  number={1},
  pages={235},
  year={1982},
  publisher={APS}
}
%Ising Model
@article{beale1996exact,
  title={Exact distribution of energies in the two-dimensional Ising model},
  author={Beale, Paul D},
  journal={Physical Review Letters},
  volume={76},
  number={1},
  pages={78},
  year={1996},
  publisher={APS}
}
@article{landau1976finite,
  title={Finite-size behavior of the Ising square lattice},
  author={Landau, DP},
  journal={Physical Review B},
  volume={13},
  number={7},
  pages={2997},
  year={1976},
  publisher={APS}
}
@article{ferdinand1969bounded,
  title={Bounded and inhomogeneous Ising models. I. Specific-heat anomaly of a finite lattice},
  author={Ferdinand, Arthur E and Fisher, Michael E},
  journal={Physical Review},
  volume={185},
  number={2},
  pages={832},
  year={1969},
  publisher={APS}
}
@article{onsager1944crystal,
  title={Crystal statistics. I. A two-dimensional model with an order-disorder transition},
  author={Onsager, Lars},
  journal={Physical Review},
  volume={65},
  number={3-4},
  pages={117},
  year={1944},
  publisher={APS}
}
@article{kaufman1949crystal,
  title={Crystal statistics. II. Partition function evaluated by spinor analysis},
  author={Kaufman, Bruria},
  journal={Physical Review},
  volume={76},
  number={8},
  pages={1232},
  year={1949},
  publisher={APS}
}
% Ising error SAMC
@article{shakirov2018convergence,
  title={Convergence estimation of flat-histogram algorithms based on simulation results},
  author={Shakirov, T},
  journal={Computer Physics Communications},
  volume={228},
  pages={38--43},
  year={2018},
  publisher={Elsevier}
}
@article{barash2017control,
  title={Control of accuracy in the Wang-Landau algorithm},
  author={Barash, L Yu and Fadeeva, MA and Shchur, LN},
  journal={Physical Review E},
  volume={96},
  number={4},
  pages={043307},
  year={2017},
  publisher={APS}
}

% This is our SAD paper!
@article{pommerenck2020stochastic,
  title={Stochastic approximation Monte Carlo with a dynamic update factor},
  author={Pommerenck, Jordan K and Simpson, Tanner T and Perlin, Michael A and Roundy, David},
  journal={Physical Review E},
  volume={101},
  number={1},
  pages={013301},
  year={2020},
  publisher={APS}
}


% This is in the introduction
@article{sawilowsky2003you,
  title={You think you‚Äôve got trivials?},
  author={Sawilowsky, Shlomo S},
  journal={Journal of Modern Applied Statistical Methods},
  volume={2},
  number={1},
  pages={21},
  year={2003}
}
@article{l2007testu01,
  title={TestU01: AC library for empirical testing of random number generators},
  author={L'Ecuyer, Pierre and Simard, Richard},
  journal={ACM Transactions on Mathematical Software (TOMS)},
  volume={33},
  number={4},
  pages={1--40},
  year={2007},
  publisher={ACM New York, NY, USA}
}
@article{ferrenberg1992monte,
  title={Monte carlo simulations: Hidden errors from ‚Äò‚Äògood‚Äô‚Äôrandom number generators},
  author={Ferrenberg, Alan M and Landau, DP and Wong, Y Joanna},
  journal={Physical Review Letters},
  volume={69},
  number={23},
  pages={3382},
  year={1992},
  publisher={APS}
}
@article{ossola2004systematic,
  title={Systematic errors due to linear congruential random-number generators with the Swendsen-Wang algorithm: A warning},
  author={Ossola, Giovanni and Sokal, Alan D},
  journal={Physical Review E},
  volume={70},
  number={2},
  pages={027701},
  year={2004},
  publisher={APS}
}
@article{plascak2002cluster,
  title={Cluster hybrid Monte Carlo simulation algorithms},
  author={Plascak, JA and Ferrenberg, Alan M and Landau, DP},
  journal={Physical Review E},
  volume={65},
  number={6},
  pages={066702},
  year={2002},
  publisher={APS}
}
@article{coddington1994analysis,
  title={Analysis of random number generators using Monte Carlo simulation},
  author={Coddington, Paul D},
  journal={International Journal of Modern Physics C},
  volume={5},
  number={03},
  pages={547--560},
  year={1994},
  publisher={World Scientific}
}
@article{barry1996recommendations,
  title={Recommendations on the Testing and Use of Pseudo-Random Number Generators Used in Monte Carlo Analysis for Risk Assessment},
  author={Barry, Timothy M},
  journal={Risk analysis},
  volume={16},
  number={1},
  pages={93--105},
  year={1996},
  publisher={Wiley Online Library}
}
@article{panneton2005xorshift,
  title={On the xorshift random number generators},
  author={Panneton, Fran{\c{c}}ois and L'ecuyer, Pierre},
  journal={ACM Transactions on Modeling and Computer Simulation (TOMACS)},
  volume={15},
  number={4},
  pages={346--361},
  year={2005},
  publisher={ACM New York, NY, USA}
}
@article{blackman2018scrambled,
  title={Scrambled linear pseudorandom number generators},
  author={Blackman, David and Vigna, Sebastiano},
  journal={arXiv preprint arXiv:1805.01407},
  year={2018}
}
@article{berg2000introduction,
  title={Introduction to multicanonical Monte Carlo simulations},
  author={Berg, Bernd A},
  journal={Fields Inst. Commun},
  volume={26},
  number={1},
  pages={1--24},
  year={2000}
}
@article{metropolis1953equation,
  title={Equation of state calculations by fast computing machines},
  author={Metropolis, Nicholas and Rosenbluth, Arianna W and Rosenbluth, Marshall N and Teller, Augusta H and Teller, Edward},
  journal={The journal of chemical physics},
  volume={21},
  number={6},
  pages={1087--1092},
  year={1953},
  publisher={American Institute of Physics}
}
@article{haggkvist2004computation,
  title={Computation of the Ising partition function for two-dimensional square grids},
  author={H{\"a}ggkvist, Roland and Rosengren, Anders and Andr{\'e}n, Daniel and Kundrotas, Petras and Lundow, Per H{\aa}kan and Markstr{\"o}m, Klas},
  journal={Physical Review E},
  volume={69},
  number={4},
  pages={046104},
  year={2004},
  publisher={APS}
}
@article{barash2019estimating,
  title={Estimating the density of states of frustrated spin systems},
  author={Barash, Lev and Marshall, Jeffrey and Weigel, Martin and Hen, Itay},
  journal={New Journal of Physics},
  volume={21},
  number={7},
  pages={073065},
  year={2019},
  publisher={IOP Publishing}
}
@article{gross2018massively,
  title={Massively parallel multicanonical simulations},
  author={Gross, Jonathan and Zierenberg, Johannes and Weigel, Martin and Janke, Wolfhard},
  journal={Computer Physics Communications},
  volume={224},
  pages={387--395},
  year={2018},
  publisher={Elsevier}
}
@article{barash2017gpu,
  title={GPU accelerated population annealing algorithm},
  author={Barash, Lev Yu and Weigel, Martin and Borovsk{\`y}, Michal and Janke, Wolfhard and Shchur, Lev N},
  journal={Computer Physics Communications},
  volume={220},
  pages={341--350},
  year={2017},
  publisher={Elsevier}
}
@article{janke2017generalized,
  title={Generalized Ensemble Computer Simulations of Macromolecules},
  author={Janke, Wolfhard},
  journal={Order, Disorder And Criticality-Advanced Problems Of Phase Transition Theory},
  volume={5},
  pages={173},
  year={2017},
  publisher={World Scientific}
}
@article{jayasri2005wang,
  title={Wang-Landau Monte Carlo simulation of isotropic-nematic transition in liquid crystals},
  author={Jayasri, D and Sastry, VSS and Murthy, KPN},
  journal={Physical Review E},
  volume={72},
  number={3},
  pages={036702},
  year={2005},
  publisher={APS}
}
@article{mukhopadhyay2008monte,
  title={Monte Carlo simulation of joint density of states in one-dimensional Lebwohl--Lasher model using Wang--Landau algorithm},
  author={Mukhopadhyay, Kisor and Ghoshal, Nababrata and Roy, Soumen Kumar},
  journal={Physics Letters A},
  volume={372},
  number={19},
  pages={3369--3374},
  year={2008},
  publisher={Elsevier}
}
@article{bhattacharjee1995fifty,
  title={Fifty Years of the Exact solution of the Two-dimensional Ising Model by Onsager},
  author={Bhattacharjee, Somendra M and Khare, Avinash},
  journal={Current science},
  volume={69},
  number={10},
  pages={816--821},
  year={1995},
  publisher={Current Science Association}
}

% Gas Adsorption

@article{witman2019,
author = {Witman, Matthew and Wright, Bradley and Smit, Berend},
title = {Simulating Enhanced Methane Deliverable Capacity of Guest Responsive Pores in Intrinsically Flexible MOFs},
journal = {The Journal of Physical Chemistry Letters},
volume = {10},
number = {19},
pages = {5929-5934},
year = {2019},
doi = {10.1021/acs.jpclett.9b02449},
    note ={PMID: 31532681},

URL = { 
        https://doi.org/10.1021/acs.jpclett.9b02449
    
},
eprint = { 
        https://doi.org/10.1021/acs.jpclett.9b02449
    
}

}



@misc{arpaemove,
  title={MOVE (Methane Opportunities for Vehicular Energy) Program Overview},
  author={Advanced Research Projects Agency- Energy (ARPA-E)},
  year={2012},
  howpublished={\url{https://arpa-e.energy.gov/sites/default/files/documents/files/MOVE_ProgramOverview.pdf}}
}

@article{furukawa2013chemistry,
  title={The chemistry and applications of metal-organic frameworks},
  author={Furukawa, Hiroyasu and Cordova, Kyle E and O‚ÄôKeeffe, Michael and Yaghi, Omar M},
  journal={Science},
  volume={341},
  number={6149},
  pages={1230444},
  year={2013},
  publisher={American Association for the Advancement of Science}
}

@article{mason2014evaluating,
  title={Evaluating metal--organic frameworks for natural gas storage},
  author={Mason, Jarad A and Veenstra, Mike and Long, Jeffrey R},
  journal={Chemical Science},
  volume={5},
  number={1},
  pages={32--51},
  year={2014},
  publisher={Royal Society of Chemistry}
}

@article{kaija2018high,
  title={High-pressure methane adsorption in porous Lennard-Jones crystals},
  author={Kaija, Alec R and Wilmer, Christopher E},
  journal={The Journal of Physical Chemistry Letters},
  volume={9},
  number={15},
  pages={4275--4281},
  year={2018},
  publisher={ACS Publications}
}

@article{garcia2018benchmark,
  title={Benchmark study of hydrogen storage in metal--organic frameworks under temperature and pressure swing conditions},
  author={Garc{\'\i}a-Holley, Paula and Schweitzer, Benjamin and Islamoglu, Timur and Liu, Yangyang and Lin, Lu and Rodriguez, Stephanie and Weston, Mitchell H and Hupp, Joseph T and G{\'o}mez-Gualdr{\'o}n, Diego A and Yildirim, Taner and others},
  journal={ACS Energy Letters},
  volume={3},
  number={3},
  pages={748--754},
  year={2018},
  publisher={ACS Publications}
}

@article{farha2012metal,
  title={Metal--organic framework materials with ultrahigh surface areas: is the sky the limit?},
  author={Farha, Omar K and Eryazici, Ibrahim and Jeong, Nak Cheon and Hauser, Brad G and Wilmer, Christopher E and Sarjeant, Amy A and Snurr, Randall Q and Nguyen, SonBinh T and Yazayd{\i}n, A OÃàzg\"ur and Hupp, Joseph T},
  journal={Journal of the American Chemical Society},
  volume={134},
  number={36},
  pages={15016--15021},
  year={2012},
  publisher={ACS Publications}
}

@article{osborn2011methane,
  title={Methane contamination of drinking water accompanying gas-well drilling and hydraulic fracturing},
  author={Osborn, Stephen G and Vengosh, Avner and Warner, Nathaniel R and Jackson, Robert B},
  journal={proceedings of the National Academy of Sciences},
  volume={108},
  number={20},
  pages={8172--8176},
  year={2011},
  publisher={National Acad Sciences}
}

@article{suh2011hydrogen,
  title={Hydrogen storage in metal--organic frameworks},
  author={Suh, Myunghyun Paik and Park, Hye Jeong and Prasad, Thazhe Kootteri and Lim, Dae-Woon},
  journal={Chemical Reviews},
  volume={112},
  number={2},
  pages={782--835},
  year={2011},
  publisher={ACS Publications}
}

@article{hasan2009minimizing,
  title={Minimizing boil-off losses in liquefied natural gas transportation},
  author={Hasan, MM Faruque and Zheng, Alfred Minghan and Karimi, IA},
  journal={Industrial \& Engineering Chemistry Research},
  volume={48},
  number={21},
  pages={9571--9580},
  year={2009},
  publisher={ACS Publications}
}

@article{bossel2003energy,
  title={Energy and the hydrogen economy},
  author={Bossel, Ulf and Eliasson, Baldur},
  journal={Alternative Fuels Data Center, US DOE},
  year={2003}
}

@article{makal2012methane,
  title={Methane storage in advanced porous materials},
  author={Makal, Trevor A and Li, Jian-Rong and Lu, Weigang and Zhou, Hong-Cai},
  journal={Chemical Society Reviews},
  volume={41},
  number={23},
  pages={7761--7779},
  year={2012},
  publisher={Royal Society of Chemistry}
}

@article{crabtree2004hydrogen,
  title={The hydrogen economy},
  author={Crabtree, George W and Dresselhaus, Mildred S and Buchanan, Michelle V},
  journal={Physics Today},
  volume={57},
  number={12},
  pages={39--44},
  year={2004},
  publisher={American Institute of Physics}
}

@techreport{wang2000full,
  title={A full fuel-cycle analysis of energy and emissions impacts of transportation fuels produced from natural gas},
  author={Wang, Michael Q and Huang, Hann S},
  year={2000},
  institution={Argonne National Lab., IL (US)},
  url={https://publications.anl.gov/anlpubs/2000/01/34988.pdf}
}

@article{sorrell2010global,
  title={Global oil depletion: A review of the evidence},
  author={Sorrell, Steve and Speirs, Jamie and Bentley, Roger and Brandt, Adam and Miller, Richard},
  journal={Energy Policy},
  volume={38},
  number={9},
  pages={5290--5295},
  year={2010},
  publisher={Elsevier}
}

@article{mason2015methane,
  title={Methane storage in flexible metal--organic frameworks with intrinsic thermal management},
  author={Mason, Jarad A and Oktawiec, Julia and Taylor, Mercedes K and Hudson, Matthew R and Rodriguez, Julien and Bachman, Jonathan E and Gonzalez, Miguel I and Cervellino, Antonio and Guagliardi, Antonietta and Brown, Craig M and Llewellyn, Philip and Masciocchi, Norberto and Long, Jeffrey},
  journal={Nature},
  volume={527},
  number={7578},
  pages={357--361},
  year={2015},
  publisher={Nature Research}
}

@article{allendorf2018assessment,
  title={An assessment of strategies for the development of solid-state adsorbents for vehicular hydrogen storage},
  author={Allendorf, Mark D and Hulvey, Zeric and Gennett, Thomas and Ahmed, Alauddin and Autrey, Tom and Camp, Jeffrey and Cho, Eun Seon and Furukawa, Hiroyasu and Haranczyk, Maciej and Head-Gordon, Martin and others},
  journal={Energy \& Environmental Science},
  volume={11},
  number={10},
  pages={2784--2812},
  year={2018},
  publisher={Royal Society of Chemistry}
}

@misc{eia2013much,
  title={How much carbon dioxide is produced when different fuels are burned?},
  url={https://www.eia.gov/tools/faqs/faq.php?id=73&t=11},
  author={Energy Information Administration, USA},
  year={2018}
}


@misc{h2targetsDOE,
  title={DOE Technical Targets for Onboard Hydrogen Storage for Light-Duty Vehicles},
  url={https://www.energy.gov/eere/fuelcells/doe-technical-targets-onboard-hydrogen-storage-light-duty-vehicles},
  author={DOE OFFICE of ENERGY EFFICIENCY \& RENEWABLE ENERGY},
  year={2019}
}

@article{mcglade2015geographical,
  title={The geographical distribution of fossil fuels unused when limiting global warming to 2 $^\circ$C},
  author={McGlade, Christophe and Ekins, Paul},
  journal={Nature},
  volume={517},
  number={7533},
  pages={187},
  year={2015},
  publisher={Nature Publishing Group}
}

@techreport{davis2009transportation,
  title={Transportation energy data book},
  author={Davis, Stacy C and Diegel, Susan W and Boundy, Robert G},
  year={2009},
  institution={Oak Ridge National Laboratory},
  url={https://info.ornl.gov/sites/publications/files/pub31202.pdf}
}

@article{caiazzo2013air,
  title={Air pollution and early deaths in the United States. Part I: Quantifying the impact of major sectors in 2005},
  author={Caiazzo, Fabio and Ashok, Akshay and Waitz, Ian A and Yim, Steve HL and Barrett, Steven RH},
  journal={Atmospheric Environment},
  volume={79},
  pages={198--208},
  year={2013},
  publisher={Elsevier}
}

@article {alvarez2012greater,
	author = {Alvarez, Ram{\'o}n A. and Pacala, Stephen W. and Winebrake, James J. and Chameides, William L. and Hamburg, Steven P.},
	title = {Greater focus needed on methane leakage from natural gas infrastructure},
	volume = {109},
	number = {17},
	pages = {6435--6440},
	year = {2012},
	doi = {10.1073/pnas.1202407109},
	publisher = {National Academy of Sciences},
	issn = {0027-8424},
	URL = {https://www.pnas.org/content/109/17/6435},
	eprint = {https://www.pnas.org/content/109/17/6435.full.pdf},
	journal = {Proceedings of the National Academy of Sciences}
}

@article{schoedel2016role,
  title={The role of metal--organic frameworks in a carbon-neutral energy cycle},
  author={Schoedel, Alexander and Ji, Zhe and Yaghi, Omar M},
  journal={Nature Energy},
  volume={1},
  number={4},
  pages={16034},
  year={2016},
  publisher={Nature Publishing Group}
}

@article{chui1999chemically,
  title={A chemically functionalizable nanoporous material [Cu$_3$(TMA)$_2$(H$_2$O)$_3$]$_n$},
  author={Chui, Stephen S-Y and Lo, Samuel M-F and Charmant, Jonathan PH and Orpen, A Guy and Williams, Ian D},
  journal={Science},
  volume={283},
  number={5405},
  pages={1148--1150},
  year={1999},
  publisher={American Association for the Advancement of Science}
}

@article{schneemann2014flexible,
  title={Flexible metal--organic frameworks},
  author={Schneemann, Andreas and Bon, Volodymyr and Schwedler, Inke and Senkovska, Irena and Kaskel, Stefan and Fischer, Roland A},
  journal={Chemical Society Reviews},
  volume={43},
  number={16},
  pages={6062--6096},
  year={2014},
  publisher={Royal Society of Chemistry}
}

@misc{useia,
  title={What are U.S. energy-related carbon dioxide emissions by source and sector?},
  author={US Energy Information Administration},
  year={2018},
  howpublished={\url{https://www.eia.gov/tools/faqs/faq.php?id=75&t=11}}
}

@article{gomez2014exploring,
  title={Exploring the limits of methane storage and delivery in nanoporous materials},
  author={G\'omez-Gualdr\'on, Diego A and Wilmer, Christopher E and Farha, Omar K and Hupp, Joseph T and Snurr, Randall Q},
  journal={The Journal of Physical Chemistry C},
  volume={118},
  number={13},
  pages={6941--6951},
  year={2014},
  publisher={ACS Publications}
}

@misc{usnatgassupply,
  title={Natural gas explained: Where our natural gas comes from},
  author={US Energy Information Administration},
  year={2019},
  howpublished={\url{https://www.eia.gov/energyexplained/natural-gas/where-our-natural-gas-comes-from.php}}
}

@InBook{DOE,
  editor =       {},
  title =        {{DOE. Multi-Year Research, Development, and Demonstration Plan}},
  chapter =      {},
  publisher =    {U.S. Department of Energy (DOE): Washington, DC},
  year =         {retrieved 2019},
  OPTkey =       {},
  OPTvolume =    {},
  OPTnumber =    {},
  OPTseries =    {},
  OPTtype =      {},
  OPTaddress =   {},
  OPTedition =   {},
  OPTmonth =     {},
  OPTpages =     {},
  note =         {},
  OPTannote =    {}
}

@article{lee2019predicting,
  title={Predicting performance limits of methane gas storage in zeolites with an artificial neural network},
  author={Lee, Sangwon and Kim, Baekjun and Kim, Jihan},
  journal={Journal of Materials Chemistry A},
  volume={7},
  number={6},
  pages={2709--2716},
  year={2019},
  publisher={Royal Society of Chemistry}
}

@article{matranga1992storage,
  title={Storage of natural gas by adsorption on activated carbon},
  author={Matranga, Kimberly R and Myers, Alan L and Glandt, Eduardo D},
  journal={Chemical Engineering Science},
  volume={47},
  number={7},
  pages={1569--1579},
  year={1992},
  publisher={Elsevier}
}

@article{bhatia2006optimum,
  title={Optimum conditions for adsorptive storage},
  author={Bhatia, Suresh K and Myers, Alan L},
  journal={Langmuir},
  volume={22},
  number={4},
  pages={1688--1700},
  year={2006},
  publisher={ACS Publications}
}

@article{simon2015materials,
  title={The materials genome in action: identifying the performance limits for methane storage},
  author={Simon, Cory M and Kim, Jihan and G\'omez-Gualdr\'on, Diego A and Camp, Jeffrey S and Chung, Yongchul G and Martin, Richard L and Mercado, Rocio and Deem, Michael W and Gunter, Dan and Haranczyk, Maciej and David S. Sholl and Randall Q. Snurr and Berend Smit},
  journal={Energy \& Environmental Science},
  volume={8},
  number={4},
  pages={1190--1199},
  year={2015},
  publisher={Royal Society of Chemistry}
}

@article{chang1996behavior,
  title={Behavior and performance of adsorptive natural gas storage cylinders during discharge},
  author={Chang, KJ and Talu, Orhan},
  journal={Applied Thermal Engineering},
  volume={16},
  number={5},
  pages={359},
  year={1996}
}

@article{mota1997dynamics,
  title={Dynamics of natural gas adsorption storage systems employing activated carbon},
  author={Mota, JP Barbosa and Rodrigues, AE and Saatdjian, E and Tondeur, D},
  journal={Carbon},
  volume={35},
  number={9},
  pages={1259--1270},
  year={1997},
  publisher={Elsevier}
}

@article{simon2014optimizing,
  title={Optimizing nanoporous materials for gas storage},
  author={Simon, Cory M and Kim, Jihan and Lin, Li-Chiang and Martin, Richard L and Haranczyk, Maciej and Smit, Berend},
  journal={Physical Chemistry Chemical Physics},
  volume={16},
  number={12},
  pages={5499--5513},
  year={2014},
  publisher={Royal Society of Chemistry}
}

@article{gomez2017impact,
  title={Impact of the strength and spatial distribution of adsorption sites on methane deliverable capacity in nanoporous materials},
  author={G\'omez-Gualdr\'on, Diego A and Simon, Cory M and Lassman, William and Chen, David and Martin, Richard L and Haranczyk, Maciej and Farha, Omar K and Smit, Berend and Snurr, Randall Q},
  journal={Chemical Engineering Science},
  volume={159},
  pages={18--30},
  year={2017},
  publisher={Elsevier}
}

@article{bhown2011analysis,
  title={Analysis and status of post-combustion carbon dioxide capture technologies},
  author={Bhown, Abhoyjit S and Freeman, Brice C},
  journal={Environmental science \& technology},
  volume={45},
  number={20},
  pages={8624--8632},
  year={2011},
  publisher={ACS Publications}
}

@article{sircar2002pressure,
  title={Pressure swing adsorption},
  author={Sircar, Shivaji},
  journal={Industrial \& engineering chemistry research},
  volume={41},
  number={6},
  pages={1389--1392},
  year={2002},
  publisher={ACS Publications}
}
@InBook{nist,
  editor =    {Linstrom, P. J. and Mallard, W. G.},
  author = {Lemmon, EW and McLinden, MO and Friend, DG},
  title =        {{NIST Chemistry WebBook, NIST Standard Reference Database Number 69}},
  chapter =      {Thermophysical Properties of Fluid Systems},
  publisher =    {National Institute of Standards and Technology, Gaithersburg MD, 20899},
  year =         {retrieved 2019},
  OPTkey =       {},
  OPTvolume =    {},
  OPTnumber =    {},
  OPTseries =    {},
  OPTtype =      {},
  OPTaddress =   {},
  OPTedition =   {},
  OPTmonth =     {},
  OPTpages =     {},
  note =      {http://webbook.nist.gov},
  OPTannote =    {}
}
@article{witman2017influence,
  title={The influence of intrinsic framework flexibility on adsorption in nanoporous materials},
  author={Witman, Matthew and Ling, Sanliang and Jawahery, Sudi and Boyd, Peter G and Haranczyk, Maciej and Slater, Ben and Smit, Berend},
  journal={Journal of the American Chemical Society},
  volume={139},
  number={15},
  pages={5547--5557},
  year={2017},
  publisher={ACS Publications}
}
@article{choi2008broadly,
  title={Broadly hysteretic H2 adsorption in the microporous metal- organic framework Co (1, 4-benzenedipyrazolate)},
  author={Choi, Hye Jin and Dinca, Mircea and Long, Jeffrey R},
  journal={Journal of the American Chemical Society},
  volume={130},
  number={25},
  pages={7848--7850},
  year={2008},
  publisher={ACS Publications}
}

@article{sim2014gas,
  title={Gas adsorption properties of highly porous metal--organic frameworks containing functionalized naphthalene dicarboxylate linkers},
  author={Sim, Jaeung and Yim, Haneul and Ko, Nakeun and Choi, Sang Beom and Oh, Youjin and Park, Hye Jeong and Park, SangYoun and Kim, Jaheon},
  journal={Dalton Transactions},
  volume={43},
  number={48},
  pages={18017--18024},
  year={2014},
  publisher={Royal Society of Chemistry}
}

@article{steele1974interaction,
  title={The interaction of gases with solid surfaces},
  author={Steele, William A},
  year={1974},
  publisher={Pergamon}
}
@article{sircar1999isosteric,
  title={Isosteric heat of adsorption: theory and experiment},
  author={Sircar, S and Mohr, R and Ristic, C and Rao, MB},
  journal={The Journal of Physical Chemistry B},
  volume={103},
  number={31},
  pages={6539--6546},
  year={1999},
  publisher={ACS Publications}
}
@article{sircar1999heat,
  title={Heat of adsorption of pure gas and multicomponent gas mixtures on microporous adsorbents},
  author={Sircar, S and Rao, MB},
  journal={Surfactant science series},
  volume={78},
  pages={501--528},
  year={1999},
  publisher={Dekker}
}
@techreport{young1962physical,
  title={Physical adsorption of gases},
  author={Young, David Matheson and Crowell, Albert Dary},
  year={1962},
  institution={Butterworths,}
}
@article{askalany2015derivation,
  title={Derivation of isosteric heat of adsorption for non-ideal gases},
  author={Askalany, Ahmed A and Saha, Bidyut B},
  journal={International Journal of Heat and Mass Transfer},
  volume={89},
  pages={186--192},
  year={2015},
  publisher={Elsevier}
}
@article{yang1997adsorption,
  title={Adsorption of normal hexane in silicalite-1: an isosteric approach},
  author={Yang, Yiwen and Rees, Lovat VC},
  journal={Microporous materials},
  volume={12},
  number={1-3},
  pages={117--122},
  year={1997},
  publisher={Elsevier}
}
@book{rudzinski2012adsorption,
  title={Adsorption of gases on heterogeneous surfaces},
  author={Rudzinski, Wladyslaw and Everett, Douglas Hugh},
  year={2012},
  publisher={Academic Press}
}

@article{sturluson2019role,
  title={The role of molecular modeling \& simulation in the discovery and deployment of metal-organic frameworks for gas storage and separation},
  author={Sturluson, Arni and Huynh, Melanie T and Kaija, Alec and Laird, Caleb and Yoon, Sunghyun and Hou, Feier and Feng, Zhenxing and Wilmer, Christopher E and Col{\'o}n, Yamil J and Chung, Yongchul G and others},
  year={2019},
  publisher={ChemRxiv}
}
@article{patil2016noria,
  title={Noria: A Highly Xe-Selective Nanoporous Organic Solid},
  author={Patil, Rahul S and Banerjee, Debasis and Simon, Cory M and Atwood, Jerry L and Thallapally, Praveen K},
  journal={Chemistry--A European Journal},
  volume={22},
  number={36},
  pages={12618--12623},
  year={2016},
  publisher={Wiley Online Library}
}
@article{banerjee2016metal,
  title={Metal--organic framework with optimally selective xenon adsorption and separation},
  author={Banerjee, Debasis and Simon, Cory M and Plonka, Anna M and Motkuri, Radha K and Liu, Jian and Chen, Xianyin and Smit, Berend and Parise, John B and Haranczyk, Maciej and Thallapally, Praveen K},
  journal={Nature communications},
  volume={7},
  pages={ncomms11831},
  year={2016},
  publisher={Nature Publishing Group}
}
@article{mulfort2007chemical,
  title={Chemical reduction of metal- organic framework materials as a method to enhance gas uptake and binding},
  author={Mulfort, Karen L and Hupp, Joseph T},
  journal={Journal of the American Chemical Society},
  volume={129},
  number={31},
  pages={9604--9605},
  year={2007},
  publisher={ACS Publications}
}
@article{bae2010optimal,
  title={Optimal isosteric heat of adsorption for hydrogen storage and delivery using metal--organic frameworks},
  author={Bae, Youn-Sang and Snurr, Randall Q},
  journal={Microporous and Mesoporous Materials},
  volume={132},
  number={1-2},
  pages={300--303},
  year={2010},
  publisher={Elsevier}
}
@article{song2015nbo,
  title={A NbO-type metal--organic framework exhibiting high deliverable capacity for methane storage},
  author={Song, Chengling and Ling, Yajing and Feng, Yunlong and Zhou, Wei and Yildirim, Taner and He, Yabing},
  journal={Chemical Communications},
  volume={51},
  number={40},
  pages={8508--8511},
  year={2015},
  publisher={Royal Society of Chemistry}
}
@article{lee2005gas,
  title={Gas sorption properties of microporous metal organic frameworks},
  author={Lee, JeongYong and Li, Jing and Jagiello, Jacek},
  journal={Journal of Solid State Chemistry},
  volume={178},
  number={8},
  pages={2527--2532},
  year={2005},
  publisher={Elsevier}
}
@article{geier2013selective,
  title={Selective adsorption of ethylene over ethane and propylene over propane in the metal--organic frameworks M 2 (dobdc)(M= Mg, Mn, Fe, Co, Ni, Zn)},
  author={Geier, Stephen J and Mason, Jarad A and Bloch, Eric D and Queen, Wendy L and Hudson, Matthew R and Brown, Craig M and Long, Jeffrey R},
  journal={Chemical Science},
  volume={4},
  number={5},
  pages={2054--2061},
  year={2013},
  publisher={Royal Society of Chemistry}
}
@article{parrillo1993characterization,
  title={Characterization of acidity in H-ZSM-5, H-ZSM-12, H-Mordenite, and HY using microcalorimetry},
  author={Parrillo, DJ and Gorte, RJ},
  journal={The Journal of Physical Chemistry},
  volume={97},
  number={34},
  pages={8786--8792},
  year={1993},
  publisher={ACS Publications}
}
% Literature Review Begin
@article{sircar1985excess,
  title={Excess properties and thermodynamics of multicomponent gas adsorption},
  author={Sircar, Shivaji},
  journal={Journal of the Chemical Society, Faraday Transactions 1: Physical Chemistry in Condensed Phases},
  volume={81},
  number={7},
  pages={1527--1540},
  year={1985},
  publisher={Royal Society of Chemistry}
}
@article{pan1998examination,
  title={Examination of the approximations used in determining the isosteric heat of adsorption from the Clausius- Clapeyron equation},
  author={Pan, Huanhua and Ritter, James A and Balbuena, Perla B},
  journal={Langmuir},
  volume={14},
  number={21},
  pages={6323--6327},
  year={1998},
  publisher={ACS Publications}
}
@article{myers2002adsorption,
  title={Adsorption in porous materials at high pressure: theory and experiment},
  author={Myers, AL and Monson, PA},
  journal={Langmuir},
  volume={18},
  number={26},
  pages={10261--10273},
  year={2002},
  publisher={ACS Publications}
}
@article{tian2017differential,
  title={Differential heat of adsorption and isosteres},
  author={Tian, Yun and Wu, Jianzhong},
  journal={Langmuir},
  volume={33},
  number={4},
  pages={996--1003},
  year={2017},
  publisher={ACS Publications}
}
@article{sircar2005heat,
  title={Heat of adsorption on heterogeneous adsorbents},
  author={Sircar, Shivaji},
  journal={Applied surface science},
  volume={252},
  number={3},
  pages={647--653},
  year={2005},
  publisher={Elsevier}
}
@article{dunne1996calorimetric,
  title={Calorimetric heats of adsorption and adsorption isotherms. 1. O2, N2, Ar, CO2, CH4, C2H6, and SF6 on silicalite},
  author={Dunne, JA and Mariwala, R and Rao, M and Sircar, S and Gorte, RJ and Myers, AL},
  journal={Langmuir},
  volume={12},
  number={24},
  pages={5888--5895},
  year={1996},
  publisher={ACS Publications}
}
@article{cao2001heats,
  title={Heats of adsorption of pure SF6 and CO2 on silicalite pellets with alumina binder},
  author={Cao, DV and Sircar, S},
  journal={Industrial \& engineering chemistry research},
  volume={40},
  number={1},
  pages={156--162},
  year={2001},
  publisher={ACS Publications}
}
@article{talu2013net,
  title={Net adsorption of gas/vapor mixtures in microporous solids},
  author={Talu, Orhan},
  journal={The Journal of Physical Chemistry C},
  volume={117},
  number={25},
  pages={13059--13071},
  year={2013},
  publisher={ACS Publications}
}
@article{myers2014physical,
  title={Physical adsorption of gases: the case for absolute adsorption as the basis for thermodynamic analysis},
  author={Myers, Alan L and Monson, Peter A},
  journal={Adsorption},
  volume={20},
  number={4},
  pages={591--622},
  year={2014},
  publisher={Springer}
}
@article{brandani2017net,
  title={Net, excess and absolute adsorption in mixed gas adsorption},
  author={Brandani, Stefano and Mangano, Enzo and Luberti, Mauro},
  journal={Adsorption},
  volume={23},
  number={4},
  pages={569--576},
  year={2017},
  publisher={Springer}
}
@article{brandani2016net,
  title={Net, excess and absolute adsorption and adsorption of helium},
  author={Brandani, Stefano and Mangano, Enzo and Sarkisov, Lev},
  journal={Adsorption},
  volume={22},
  number={2},
  pages={261--276},
  year={2016},
  publisher={Springer}
}
@article{groen2003pore,
  title={Pore size determination in modified micro-and mesoporous materials. Pitfalls and limitations in gas adsorption data analysis},
  author={Groen, Johan C and Peffer, Louk AA and P{\'e}rez-Ram{\i}ÃÅrez, Javier},
  journal={Microporous and mesoporous materials},
  volume={60},
  number={1-3},
  pages={1--17},
  year={2003},
  publisher={Elsevier}
}
@article{furukawa2009storage,
  title={Storage of hydrogen, methane, and carbon dioxide in highly porous covalent organic frameworks for clean energy applications},
  author={Furukawa, Hiroyasu and Yaghi, Omar M},
  journal={Journal of the American Chemical Society},
  volume={131},
  number={25},
  pages={8875--8883},
  year={2009},
  publisher={ACS Publications}
}
@article{kumar2006quantum,
  title={Quantum effects on adsorption and diffusion of hydrogen and deuterium in microporous materials},
  author={Kumar, AV Anil and Jobic, Herve and Bhatia, Suresh K},
  journal={The Journal of Physical Chemistry B},
  volume={110},
  number={33},
  pages={16666--16671},
  year={2006},
  publisher={ACS Publications}
}